<?xml version="1.0" encoding="UTF-8"?><collection xmlns="http://www.loc.gov/MARC21/slim"><record><leader>00354nam--2200121-i-4500</leader><controlfield tag="001">000028671</controlfield><controlfield tag="002">20161230</controlfield><controlfield tag="005">20161230201037</controlfield><controlfield tag="008">060222s1000------------r-----000-0-eng-d</controlfield><datafield ind1=" " ind2=" " tag="100"><subfield code="a">Lanoy, Henry</subfield></datafield><datafield ind1=" " ind2=" " tag="245"><subfield code="a">Les petites machines electriques. (de 1/2000 a 3/4 de cv) a courent continu et alternatif</subfield></datafield><datafield ind1=" " ind2=" " tag="260"><subfield code="a">Paris, Girardot &amp; Cie, 1947, 228p</subfield></datafield><datafield ind1=" " ind2=" " tag="852"><subfield code="a">563</subfield></datafield></record></collection>